@book{BH98,
  author = {Winfried Bruns and JÃ¼rgen Herzog},
  publisher = {Cambridge University Press},
  title = {Cohen-Macaulay Rings},
  year = {1998}
}